Record 1
LDR  00690cas a2200229 a 4500
001  3806866
003  CLU
005  20040311130725.0
008  750514c19609999caumx1p       0   a0eng d
245  04   $a The Alien behavioral scientist.
260       $a Princeton, N.J. : $b A. De Grazia, $c c1960-
300       $a v. : $b ill ; $c 23-28 cm.
500       $a UCLA GEN PE: RECORD HAS NO 009 FIELD. REJECT FOR NO 009 FIELD.
500       $a TEST REC 1 *****
655   7   $a Online resources. $2 local
780  00   $t Political research, organization and design $w (DLC)   86655223 $w (OCoLC)10002746
001  5548677
003  CLU
004  3806866
005  20030912101538.0
008  9907251u    0   0   au    990725
852       $a CLU $b sr

Record 2
