LDR  00952cas a2200253i  4500
001  3295
003  CLU
005  20040311131937.0
008  750726c18679999ilumr1p      u0   a0enged
245  04   $a The American un-naturalist.
260       $a Chicago, Ill. [etc.] $b Published for the American Society of UnNaturalists by the University of Chicago Press [etc.]
300       $a v. $b ill. $c 27 cm.
500       $a UCLA GEN PE: RECORD HAS NO 852 IN HOLDING SEGMENT. REJECT FOR NO OUTPUT 852.
500       $a TEST REC 2 *****
650   0   $a Un-natural history $x Periodicals.
710  2    $a American Society of Un-naturalists.
009  00606ny  a22001933i 4500
001  5650745
003  CLU
004  3295
005  20031120131708.0
008  9907254p    8   0   au    990725
866   0   $a B116-156(1980-00)
867       $a SUPPS: B130(1987)B131(1988)B137(1991)B139(1992)B140(1992)B142(1993)B144(1994)B148(1996)B150(1997)B153(1999)B154(1999)B154NJULY(1999)B154NOCT(1999)B156NOCT(2000)

Record 3
