LDR  00866nem a2200277I  4500
001  2357971
003  CLU
005  20001201085651.0
008  820809s1968    fr        a     0   fre  
245  10   $a Treasure map
260       $a [Paris] $b Association of African Geological Surveys, Unesco, $c 1968.
300       $a col. map $c 182 x 181 cm. on 9 sheets 68 x 101 cm. or smaller.
500       $a UCLA GEN MAP: RECORD HAS 2 HOL SEGS. EACH HAS 1 852 WITH NO  $b . REJECT FOR NO OUTPUT 852 FIELDS.
500       $a TEST REC 3 *****
507       $a Scale 1:5,000,000.
650   0   $a Geology $z Africa $x Maps.
009  00379nx  a22001571i 4500
001  2722389
003  CLU
004  2357971
852  0    $a CLU $h G8201.C5 1968 $i .M6 $z Sheets in H1-2. Text in FC28b-c.
009  00317nv**a22001333n 4500
001  5892575
003  CLU
004  2357971
852  0    $a CLU $h G8201s.C55 5M $i Unesco/ASGA 1968

Record 4
