LDR  00901cjm a2200265Ia 4500
003  CLU
005  20020913203033.0
007  sd fungnn|||ee
008  910517p19901941dcusgn   abdfi      eng d
010       $a    91741910
099       $a CDA 13496
100  1    $a Hill, Joe, $d 1879-1915.
245  10   $a Don't mourn--organize! $h [sound recording] : $b songs of labor songwriter Joe Hill.
260       $a Washington, DC : $b Smithsonian/Folkways ; $a Cambridge, Mass. : $b Nationally distributed by Rounder, $c p1990.
300       $a 1 sound disc : $b digital ; $c 4 3/4 in.
500       $a UCLA: BIB SEGMENT LACKS 001. REJECT.
500       $a TEST REC 6 *****
650   0   $a Working class $z United States $v Songs and music.
600  10   $a Hill, Joe, $d 1879-1915 $v Songs and music.
650   0   $a Protest songs $z United States.
009  00281nx. a22001331i.4500
001  6416319
003  CLU
004  4672694
852  4    $a CLU $b muclsdsdr $j CDA 13496

Record 7
