LDR  00974ngm a2200313Ka 4500
001  4512224
003  CLU
005  17760704000000.0
007  vf cbaho               
008  000923s1992                      v fre u
035       $9 07-ASA-7291
245  00   $a Afrique, je te plumerai $h [videorecording] : $b (Africa, I will fleece you) / $c Jean-Marie Teno.
260       $b California Newsreel [distributor], $c 1992.
300       $a 1 videocassette (VHS) (88 min.) : $b sd., col. ; $c 1/2 in.
500       $a UCLA GEN: DROP INCOMING 005 AND SUBSTITUTE CONFIG VALUE.
500       $a OUT 856 FIELDS AFTER ALL 852s.
500       $a TEST REC 7 *****
650   0   $a Imperialism.
651   0   $a Cameroon.
856   0   $a First 856
935       $a IM0007404
856   0   $a Second 856
009  00526nx**a22001691n 4500
001  5853345
003  CLU
004  4512224
008  0009232p    8   1000abfre0970901
852  0    $a CLU $b mg $j VC14784
866       $a 1 videocassette (VHS) (88 min) : sd., col. ; 1/2 in.

Record 8
