LDR  01479cgm a2200529Ka 4500
001  4857417
003  CLU
005  20030423203046.0
007  vd cgaizu
008  000509p20001945cau140            vleng d
035       $a (OCoLC)44009587
035       $9 07-ATV-1392
040       $a GZD $c GZD $d CLU
020       $a 0790744430
024  1    $a 012569507029
028  40   $a 65070 $b Warner Home Video/DVD Video
092       $a 791.4372
099       $a DVD 158
049       $a CLUV $o MUSCLSD [MUSCLSD-MULTIMED] $l L0080930803
245  00   $a Anchors aweigh $h [videorecording] / $c a Metro-Goldwyn-Mayer Picture.
250       $a Standard version.
260       $a Burbank, Calif. : $b Warner Home Video, $c 2000.
300       $a 1 videodisc (140 min.) : $b sd., col. ; $c 3 3/4 in.
500       $a UCLA GEN: DROP 9XX FROM BIB SEGMENT
500       $a DROP ALL FIELDS FROM HOL SEGMENT (OUTPUT SOME TO NEW 852)
500       $a TEST REC 8 *****
650   0   $a Video recordings for the hearing impaired.
700  1    $a Sidney, George, $d 1911-
710  2    $a Metro-Goldwyn-Mayer.
910       $a Drop 1
922       $a Drop 2
935       $a Drop 3
999       $a Drop 4
009  00273nx. a22001331i.4500
001  6624045
003  CLU
004  4857417
005  20030521120700.0
007  vd cgaizu
008  0304230u    0   0   uueng 030423
014  1    $a 07-ATV-1392
014  0    $9 08-BBJ-9272
852  4    $a CLU $b muclsdmm $j DVD 158
910       $a Drop 5
922       $a Drop 6
935       $a Drop 7
999       $a Drop 8

Record 9
