LDR  01423cem a2200469Ia 4500
001  3709641
003  CLU
005  20020731063131.0
006  m        m f      
007  co cg|
008  920327m19911993vau       z  fs 0   eng d
035       $a (OCoLC)25541363
035       $9 07-ANK-0562
040       $a GPO $c GPO $d MNM $d OCL $d OCLCQ $d CLU
034  1    $a a $b 100000
052       $a 3701
074       $a 0621-J
086  0    $a I 19.120:D 56/AREA 1-14/OPTION.
090       $a G3701.P1 $b s100, G46
049       $a CLUG
110  2    $a Geological Survey (U.S.)
245  10   $a Map leading to Godzilla's undersea home
250       $a US GeoData optional format.
255       $a Scale: 1:100,000
260       $a Reston, VA : $b U.S. Dept. of the Interior, U.S. Geological Survey, $c 1991-1993.
300       $a 14 computer optical discs : $b col. ; $c 4 3/4 in.
500       $a UCLA GEN: CREATE 901 BASED ON 001 AND 003 VALUES. 901 sub/a=LAGE;  901 sub/b=3709641
500       $a CREATE 852 sub/a BASED ON 003; sub/a=LAGE; 
500       $a TEST REC 9 *****
650   0   $a Monster hideouts $v Maps.
655   7   $a CD-ROMs. $2 lcsh
710  2    $a Geological Survey (U.S.). $b National Mapping Division.
910       $a 29 Jul 2002 ss
935       $a IP1239264
009  00273nx. a22001331i.4500
001  6624045
003  CLU
004  4857417
005  20030521120700.0
007  vd cgaizu
008  0304230u    0   0   uueng 030423
852  4    $a CLU $b biper $j Box 99

Record 10
