LDR  00954nam a22003255  4500
001  8
003  CLU-ETH
008                 us                  eng  
028  02   $a 308A $b Indian Records, Inc.
035       $9 01-AAA-0007
245  00   $a 16 Northern Cheyenne Pow Wow Songs $h sound recording
260       $a Fay, Oklahoma : $b Indian Records, $c 19--?
500       $a UCLA EMA: CREATE 901 BASED ON 001 AND 003 VALUES. 901 sub/a=LAEM;  901 sub/b=8
500       $a CREATE 852 sub/a BASED ON 003; sub/a=LAEM; 
500       $a TEST REC 10 *****
690   0   $a Indians of North America.
690   0   $a Cheyenne Indians.
935       $a ET4266430
009  00344nx  a22001571n 4500
001  7
003  CLU-ETH
004  8
007  s
008  9809070u    0   4   uueng 980907
014  1    $a 01-AAA-0007
014  0    $9 02-AAA-0006
852  0    $a CLU-ETH $b etstx $h ARC172 $i .vol. 1-2 $x In process $z Two copies.
935       $a ET4266430
905       $c SB 9
920       $a ARC 172 vol. 1-2

Record 11
