LDR  01040ngm a22002651i 4500
001  9999
003  CLU-FT
005  20030910151407.0
008        s1955    xxu                 eng d
245  00   $a Mothra rules / $c RKO Radio
260       $c 1955.
500       $a UCLA FTV: CREATE 901 BASED ON 001 AND 003 VALUES. 901 sub/a=LAFT;  901 sub/b=6597
500       $a CREATE 852 sub/a BASED ON 003; sub/a=LAFT; 
500       $a TEST REC 11 *****
650   0   $a Monsters $v Drama.
655   7   $a Features. $2 mim
009  01471nx  a22002532i 4500
001  10643
003  CLU-FT
004  9999
005  20001103111910.0
007  vf|cbahom
008  9907252f    8   1   bb   0990725
852  4    $a CLU-FT $b ftarsc $j VA1834 M
866   0   $a 1 videocassette of 1 (VHS) (87 min.) : sd., col. ; 1/2 in. $z AVAILABILITY: Study copy. Available for onsite viewing only. $z PRESERVATION: Stage 3 preservation. $z REPRODUCTION: Reproduced by UCLA Film and Television Archive from 3/4 in. videocassette (M53897). $z Reproduction for preservation purposes permitted by NTA (Republic), 1985.

Record 12
