LDR  02702nmm a2200625ia 4500
001  4306875
003  CLU
005  20030412182130.0
008  990624s1998    fr         u        fre d
245  00   $a Mothra learns PL/I in France.
250       $a [Nouvelle version] CD-ROM PC/Mac.
260       $a [Paris] : $b Havas Interactive, $c c1998.
300       $a 1 computer optical disc : $b sd., col. ; $c 4 3/4 in. + $e 1 guide (inserted in jewel case).
500       $a UCLA GEN: CHECK THAT 852 SUBFIELD OUTPUT FROM 852 INPUT MATCHES SPEC
500       $a TEST REC 12 *****
009  00294nx  a22001451n 4500
003  CLU
004  4306875
852  0    $a CLU-drop $a CLMP-drop $b arsc $b roo-drop $c Collie $c Calf $e Ermine $e EEK $e Elf  $3 v.111 $z Zhol1**
009  00294nx  a22001451n 4500
003  CLU
004  4306875
852  0    $a CLU $z Zhol2**: Don't output this 852; has no sub/b $3 v.222
009  00294nx  a22001451n 4500
003  CLU
004  4306875
852  0    $a CLU $b biper $f Frog $f Fawn $g Godzilla $g Goat $j Jellyfish Coll $j Jetsam-drop $j Jellybean-drop  $z Zhol3** $3 v.333
009  00294nx  a22001451n 4500
003  CLU
004  4306875
852  0    $a CLU $b cars $h Halogen $h Hydrogen-drop $i Icythyosaur $i Inchworm $3 v.444 $z Zhol4**
009  00294nx  a22001451n 4500
003  CLU
004  4306875
852  0    $a CLU $b eanews $j Juggernaut Coll $k Kangaroo Rat $k Kidney $k Kingfisher $l Luna Moth  $l Luna Tic-drop $z Zhol5** $3 v.555 $x Xray-drop
009  00294nx  a22001451n 4500
003  CLU
004  4306875
852  0    $a CLU $b idcoll $j JuneBug $m Mosquito $m Mermaid $3 v.666 $z Zhol6** $m Mulligatawny  $z Zanza $x Xtra-drop
009  00294nx  a22001451n 4500
003  CLU
004  4306875
852  0    $a CLU $b lwsc $n Nutshell $q Quacker $n Nomad-drop $p PrarieDog $q Quail-drop $p Pumpkin-drop  $3 v.777 $z Zhol7**
009  00294nx  a22001451n 4500
003  CLU
004  4306875
852  0    $a CLU $b mg $h DC39 $i .A2 1998 $s Scarlet $t Taffeta $s Silk $t Twill-drop $s Satin $4 v.888  $z Zhol888**
009  00294nx  a22001451n 4500
003  CLU
004  4306875
852  0    $a CLU $b scav $x Xenon-drop $z Zorro $x Xhosa-drop $z Zhol9 $3 v.999
009  00294nx  a22001451n 4500
003  CLU
004  4306875
852  0    $a CLU $b ueefolk $a Aquamarine-drop $b Bloodstone-drop $e Emerald $c Citrine $e Earthfire  $d Diamond-drop $c Coral $f Fire Agate $g Garnet $f Fools Gold $g Grenadine $h Heliotrope  $h Hematite-drop $i Iolite $j Jade $k Kyanite $i Indian Star Ruby $k Keraline $j Jade-drop  $l Lapis Lazuli $l Lemon Jade-drop $n Nephrite $m Moonstone $n Neon-drop $m Malachite $o Opal-drop  $p Peridot $p Pearl-drop $f Feldspar $q Quartz $q Quarrelstone-drop $s Sardonyx $r Ruby-drop  $s Sea Jasper $t Topaz $u Unikite-drop $t Turquoise-drop $w WildHorse Jasper-drop $x Xahna-drop  $y Yellow Quartz-drop $z Zircon $z Zoisite $z Zhol10 $3 v.101010

Record 13
