LDR  02315nas a2200493 a 4500
001  4978
003  CLU
005  19990821194834.0
008  980402c19uu9999azuuu         0    0eng d
010       $a sn 98017887 
130  0    $a Art life (Central and Northern Arizona ed.)
245  00   $a Art life.
246  13   $a Art life Arizona
250       $a Central and Northern Arizona ed.
260       $a Tucson, AZ : $b The Stanbery Corp.,
300       $a v. : $b ill. ; $c 23 x 10 cm.
500       $a UCLA GEN: DO NOT OUTPUT sub/x SUBFIELDS FROM 852,866,867,868, BUT DO OUTPUT sub/z and sub/3 from those fields.
500       $a PUT LABEL SUPPLEMENTS IN FRONT OF sub/a FROM 867s; PUT LABEL INDEXES IN FRONT OF sub/a FROM 868s.
500       $a TEST REC 13 *****
650   0   $a Art museums $z Arizona $x Directories.
009  0327ny  a22001573i 4500
001  4495967
003  CLU
004  4978
005  20010430162351.0
008  9808131u    0   0   aueng 980813
852  0    $a CLU $b arsc $h N511.A7 $i A78 $x Drop this note from the 852. $z Output this note from 852.  $x Drop this second note from the 852 $3 v.90-95 $3 Drop this 2nd sub/3 from the 852.
866       $a v.99-102 $x Apple:Drop this note from the 866 $z Banana:Output this note from the 866
867       $a v.95A,97A $x Apricot:Drop this note from the 867 $z Kiwi:Output this note from the 867
867       $a v.99B $x Orange:Drop this note from the 2nd 867 $z Plum:Output this note from the 2nd 867
868       $a v.1-100 $x Grape:Drop this note from the 868 $z Fig:Output this note from the 868
009  00183nx  a22000974  4500
001  6869983
003  CLU
004  4978
005  20040213172458.0
008  0402130p    8   1001uu   0000000
852  0    $a CLU $b yrpe $k Oversize $m Latest in secret alcove $x Drop1 from 852 $x Drop2 from 852
866       $a v.2-17 $x Cuke:Drop from first 866 $z Radish:Output from first 866
866       $a v.18-80 $x Parsnip:Drop from 2nd 866 $z Turnip:Output from 2nd 866
866       $a v.81-88 $x Beet:Drop from 3rd 866 $z Carrot:Output from 3rd 866  $z Bean:Output2 from 3rd 866
867       $a v.77A $x Lentil:Drop from the 867 $z Pea:Output from the 867 $z Broccoli:Output2 from 867
868       $a v.1-100 $x Cabbage:Drop from 868 $z Rutabaga:Outputfrom 868
868       $a v.101-200 $x Zucchini:Drop from 2nd 868 $z Yam:Outputfrom 2nd 868  $x Kale:Drop2 from 2nd 868 $z Endive:Output2 from 2nd 868

Record 14
