LDR  02507nas a2200649   4500
001  17423
003  CLU
008  750824c19619999ne mrzp       0   a0eng d
010       $a sf 80000094 $z sn 80008490
022  0    $a 0014-3138
035       $a (OCoLC)01568475
035       $9 07-AOS-3114
042       $a lc $a nsdp
043       $a e------
049       $a CLUL
050  00   $a LAW
050  14   $a KJC7101.3 $b .E97
210  0    $a Euro. tax.
222   0   $a European taxation
245  00   $a European taxation.
246  10   $a ET : European taxation. $f <1997>-
260       $a [Amsterdam, $b International Bureau of Fiscal Documentation]
300       $a v. $c 28 cm.
310       $a Monthly $b <, May 1973->
321       $a Biweekly, $b Jan. 1961-
362  0    $a v. 1-   Jan. 15th, 1961-
500       $a UCLA GEN: BIB RECORD LACKS 005; CREATE ONE FROM CONFIG FILE DATE
500       $a TEST REC 14 *****
510  2    $a Public Affairs Information Service bulletin $x 0033-3409
525       $a Kept up to date by loose-leaf entitled: Supplementary service to European taxation.
650   0   $a Taxation $x Law and legislation $z Europe $v Periodicals.
710  2    $a International Bureau of Fiscal Documentation.
730  0    $a Supplementary service to European taxation.
935       $a TC0024008 $b TC0024183 $c ABZ-1300
910       $a bes 20000810
936       $a Unknown $a May 1973 (surrogate)
009  00980ny  a22001813i 4500
001  5536424
003  CLU
004  17423
005  18881114152902.0
008  9907254p    8   0   au    990725
014  1    $a 07-AOS-3114
014  0    $9 08-AWW-7748
852  0    $a CLU $b lw $h KJC7101.3 $i .E97
866       $a B1-42(1961-2002)U43N1-10(2003) $x Record annual index in 868x & give to bindery assistant ** $z Cumulative indexes are bound with the last volume covered.  Annual indexes are bound with volumes after volume 11. ** Do not retain binders for issues.
867   0   $a SUPPLEMENTARY SERVICE:U(1963-2002)UN1-10(2003) $x Collapse holdings, keeping current year separate ** L-L - send to filers.
867   0   $a SECTION E (SUPPLEMENTARY SERVICE):B(1963-66).B(1968-71).B(1976-81).B(1986-92) $z 1967 out of print.  Loose-leaf with older supplementary material bound.
868       $a CUMULATIVE INDEXES:B1-2(1961-62)B3-4(1963-64)B5-6(1965-66)B7-8(1967-68)B9-10(1969-70) $x BINDERY INDEXES:U(2002)
935       $a TC0024008 $b TC0024183
009  00181nx  a22000974  4500
001  6832877
003  CLU
004  17423
005  18880213150819.0
008  0402130p    8   1001uu   0000000
852  0    $a CLU $b lwsc

Record 15
