LDR  01709nXZ a2200565 a 4500
001  52269
003  CLU
005  19840922125336.0
008  830803s1983    nyu      b     01 0 eng  
010       $a    83072214 
020       $a 0872623750 (pbk.)
035       $a (OCoLC)09829991
035       $9 07-AAI-4646
039  0    $a 2 $b 3 $c 3 $d 3 $e 3
040       $a DLC $c DLC $d CLU
050  0    $a TH4581 $b .A427 1983
082  0    $a 621.48/35$219
110  2    $a American Society of Civil Engineers.
260       $a New York, N.Y. : $b American Society of Civil Engineers, $c c1983.
300       $a xi, 23 p. ; $c 23 cm.
500       $a UCLA GEN: NONDELETE REC HAS NO 245, UNKNOWN LOC, INVALID TYPE, & INVALID BIBLEVEL; CREATE 4 998 FIELDS; WRITE TO ERROR FILE; WRITE TO OUTPUT FILE
500       $a TEST REC 15 *****
500       $a On cover: ASCE standard.
504       $a Includes bibliographical references and index.
650   0   $a Nuclear power plants $x Design and construction.
650   0   $a Civil engineering.
650   0   $a Earthwork.
740  01   $a N725 guideline for design and analysis of nuclear safety related earth structures.
740  01   $a ASCE standard.
910       $a 21 Sept 84 jk
935       $a MC2445209 $b SR0381366
009  00264nx  a22001331i 4500
001  108718
003  CLU
004  52269
007  t
008  9808210u    8   4   aueng 980821
014  1    $a 07-AAI-4646
014  0    $9 08-AAK-9980
852  0    $a CLU $b badbadLocation $h TH4581 $i .A426 1983
935       $a MC2445209
009  00231nx  a22001211i 4500
001  4954714
003  CLU
004  52269
008  9809020u    8   4   aueng 980902
014  1    $a 07-AAI-4646
014  0    $9 08-AUO-3573
852       $a CLU $b sr
935       $a SR0381366

Record 16
