LDR  01647dQP a2200613   4500
001  54758
003  CLU
005  19870725081402.0
008  730131s1972    inu      b     00 0 eng  
010       $a    72090559 
035       $a (OCoLC)00578230
035       $9 07-AAV-2307
040       $a DLC $c DLC $d m.c. $d CLU
050  0    $a LB2806 $b .B33
100  1    $a Barnes, Ronald E.
260       $a Bloomington, Ind., $b Phi Delta Kappa Educational Foundation $c [1972]
300       $a 38 p. $c 18 cm.
440   0   $a PDK fastbacks, $v 9
500       $a UCLA GEN: DELETE REC HAS NO 245, UNKNOWN LOC, INVALID TYPE, & INVALID BIBLEVEL; CREATE NO 998 FIELDS; DON'T WRITE TO ERROR FILE; WRITE TO OUTPUT FILE
500       $a TEST REC 16 *****
504       $a Bibliography: p. 35-38.
650   0   $a Educational planning.
650   0   $a School management and organization.
910       $a rcp 4/2
935       $a MC4055415 $b SR0375088
009  00244nx  a22001331i 4500
001  271042
003  CLU
004  54758
007  t
008  9808210u    8   4   aueng 980821
014  1    $a 07-AAV-2307
014  0    $9 08-ABB-4136
852       $a CLU $b horribleloc
935       $a MC4055415
009  00262nx  a22001331i 4500
001  271043
003  CLU
004  54758
007  t
008  9808210u    8   4   aueng 980821
014  1    $a 07-AAV-2307
014  0    $9 08-ABB-4137
852  0    $a CLU $b yrsr $h LB2806 $i .B263l
935       $a MC4055415
009  00231nx  a22001211i 4500
001  4971079
003  CLU
004  54758
008  9809020u    8   4   aueng 980902
014  1    $a 07-AAV-2307
014  0    $9 08-AUQ-0187
852       $a CLU $b sr
935       $a SR0375088

Record 17
