LDR  49134ngm a22070451i 4500
001  6597
003  CLU-FT
005  20030910151407.0
008        s1935    xxu                 eng d
035       $9 04-AAA-6617
040       $a CLU $c CLU
245  00   $a Becky Sharp / $c RKO Radio ; producer, Kenneth Macgowan ; director, Rouben Mamoulian ; screen play, Francis Edward Faragoh.
260       $c 1935.
500       $a UCLA FTV: RECORD HAS 28 HOL SEGMENTS; CHECK THAT ALL ARE HANDLED PROPERLY; MOVE 007s FROM HOL SEGS TO BIB SEG OF OUTPUT RECORD
500       $a TEST REC 17 *****
562       $c Restored version.
500       $a Based on Vanity fair by W.M. Thackeray.
511  1    $a Miriam Hopkins, Frances Dee, Cedric Hardwicke, Billie Burke, Alison Skipworth, Nigel Bruce, Colin Tapley, G.P. Huntley, Jr., William Stack, George Hassell, William Faversham, Charles Richman, Doris Lloyd, Leonard Mudie, Bunny Beatty, Charles Coleman, May Beatty, Finis Barton, Alan Mowbray.
508       $a Designed by Robert Edmond Jones; photographed by Ray Rennahan; editor, Archie Marshek.
500       $a Credits were supplied from Maltin, 1992, and Film daily yearbook, 1936.
500       $a Playing time on release was 83 min., according to: Maltin, 1993.
599  1    $a PRESERVATION HISTORY: Preserved at UCLA in a number of stages. Stage 1 was completed in 1984. Around 1988 (stage 2), Italian print material was obtained, which allowed the picture on the last reel to be upgraded, while the somewhat splicey English sound track was edited to fit the Italian print material. For stage 3, a print was obtained from the Netherlands that allowed improvement in both picture and sound quality.
650   0   $a Fortune hunters $z England $v Drama.
655   7   $a Features. $2 mim
655   7   $a UCLA preservation. $2 local
700  1    $a Mamoulian, Rouben. $e direction
700  1    $a Thackeray, William Makepeace, $d 1811-1863. $t Vanity fair.
901       $a MP $b Motion Picture Collection
910       $a Rev. August 23, 2000, my; rev. September 10, 2003, my.
935       $a FA0113147
009  01471nx  a22002532i 4500
001  10643
003  CLU-FT
004  6597
005  20001103111910.0
007  vf|cbahom
008  9907252f    8   1   bb   0990725
014  1    $a 04-AAA-6617
014  0    $9 05-AAB-0883
843       $b Los Angeles, Calif. : $c UCLA Film and Television Archive, $d 1989. $n Reproduced by UCLA Film and Television Archive from 3/4 in. videocassette (M53897). Reproduction for preservation purposes permitted by NTA (Republic), 1985.
845       $a Study copy. Available for onsite viewing only.
852  4    $a CLU-FT $b ftarsc $j VA1834 M
866   0   $a 1 videocassette of 1 (VHS) (87 min.) : sd., col. ; 1/2 in. $z AVAILABILITY: Study copy. Available for onsite viewing only. $z PRESERVATION: Stage 3 preservation. $z REPRODUCTION: Reproduced by UCLA Film and Television Archive from 3/4 in. videocassette (M53897). $z Reproduction for preservation purposes permitted by NTA (Republic), 1985.
935       $a FA0113147
901       $a MP $b Motion Picture Collection
903       $a 1 videocassette of 1 (VHS) (87 min.) : $b sd., col. ; $c 1/2 in.
905       $b 890609 $c 0990 $d 001 $f P
910       $a Rev. July 20, 2000, my. $c 001
989       $a ECX $b 890609
998       $a AVAILABILITY: Study Copy. Available for on site viewing only. $d PRESERVATION: Stage 3 preservation. $r REPRODUCTION: Reproduced by UCLA Film and Television Archive from 3/4 in. videocassette (M53897). $s Reproduction for preservation purposes permitted by NTA (Republic), 1985.
009  02248nv  a22002533i 4500
001  10644
003  CLU-FT
004  6597
005  20020928091426.0
007  mr|caaafm|artacac198503
008  9907252f    8   1   bb   0990725
014  1    $a 04-AAA-6617
014  0    $9 05-AAB-0884
843       $b Los Angeles, Calif. : $c UCLA Film and Television Archive, $d 1985. $n Reproduced by the UCLA Film and Television Archive from various sources. Reproduction for preservation purposes permitted by NTA (Republic), 1985.
845       $a Research copy. Usually available for onsite viewing; some restrictions may apply. Projection only; no individual viewing.
852  4    $a CLU-FT $b ftcoms $j M32244 $q Select print. Excellent condition (Melnitz cond. report, 2/21/91).
866   0   $a 5 reels of 5 (85 min.) (ca. 10000 ft.) : opt sd., EC (col.), low-fade ; 35 mm. safety print. $z CONDITION: Select print. Excellent condition (Melnitz cond. report, 2/21/91). $z AVAILABILITY: Research copy. Usually available for onsite viewing; some restrictions may apply. Projection only; no individual viewing. $z PRESERVATION: Stage 2 preservation. $z NOTES: New computer-generated UCLA Film and Television Archive logo (gold version) added to head, r1. $z REPRODUCTION: Reproduced by the UCLA Film and Television Archive from various sources. $z Reproduction for preservation purposes permitted by NTA (Republic), 1985. $x Clearance: Films Around the World, Inc. $x Booked 5/18/1999, LC (ret.).
935       $a FA0113147
901       $a MP $b Motion Picture Collection
903       $a 5 reels of 5 (85 min.) (ca. 10000 ft.) : $b opt sd., EC (col.), low-fade ; $c 35 mm. safety print.
905       $b uuuuuu $c 0990 $d 010 $e 010 $f R
910       $a Rev. July 20, 2000, my. $c 002
989       $a JTX $b 860312
998       $a AVAILABILITY: Projection only; no individual viewing.Research Copy. Usually available for on site viewing, some restrictions may apply. $b NOTES: New computer-generated UCLA Film and Television Archive logo (gold version) added to head, r1. $d PRESERVATION: Stage 2 preservation. $q CONDITION: Select print. Excellent condition (Melnitz cond. report, 2/21/91). $r REPRODUCTION: Reproduced by the UCLA Film and Television Archive from various sources. $s Reproduction for preservation purposes permitted by NTA (Republic), 1985.
009  01878nv  a22002533i 4500
001  10645
003  CLU-FT
004  6597
005  20000720103933.0
007  mr|caaafm|artacac198701
008  9907252f    8   1   bb   0990725
014  1    $a 04-AAA-6617
014  0    $9 05-AAB-0885
843       $b Los Angeles, Calif. : $c UCLA Film and Television Archive, $d 1985. $n Reproduced by the UCLA Film and Television Archive from various sources. Reproduction for preservation purposes permitted by NTA (Republic), 1985.
845       $a Research copy. Usually available for onsite viewing; some restrictions may apply. Individual use only; no projection.
852  4    $a CLU-FT $b ftcoms $j M34211 $q No intro. titles.
866   0   $a 5 reels of 5 (ca. 9000 ft.) : opt sd., EC (col.), low-fade ; 35 mm. safety print. $z CONDITION: No intro. titles. $z AVAILABILITY: Research copy. Usually available for onsite viewing; some restrictions may apply. Individual use only; no projection. $z PRESERVATION: Stage 2 preservation. $z NOTES: Second best print. $z REPRODUCTION: Reproduced by the UCLA Film and Television Archive from various sources. $z Reproduction for preservation purposes permitted by NTA (Republic), 1985. $x Vault viewing, 7/19/1995 (ARSC).
935       $a FA0113147
901       $a MP $b Motion Picture Collection
903       $a 5 reels of 5 (ca. 9000 ft.) : $b opt sd., EC (col.), low-fade ; $c 35 mm. safety print.
905       $b uuuuuu $c 0990 $d 005 $e 009 $f R
910       $a Rev. July 20, 2000, my. $c 003
989       $a JTX $b 870109
998       $a AVAILABILITY: Individual use only; no projection.Research Copy. Usually available for on site viewing, some restrictions may apply. $b NOTES: Second best print. $d PRESERVATION: Stage 2 preservation. $q CONDITION: No intro. titles. $r REPRODUCTION: Reproduced by the UCLA Film and Television Archive from various sources. $s Reproduction for preservation purposes permitted by NTA (Republic), 1985.
009  01898nx  a22002652i 4500
001  10646
003  CLU-FT
004  6597
005  20001018134802.0
007  mr|caaafm|artacai198701
008  9907252f    8   2   bb   0990725
014  1    $a 04-AAA-6617
014  0    $9 05-AAB-0886
843       $b Los Angeles, Calif. : $c UCLA Film and Television Archive, $d 1985. $n Reproduced by the UCLA Film, Television and Radio Archives from 16 mm. blow-up materials. Reproduction for preservation purposes permitted by NTA (Republic), 1985.
845       $a Archival copy. Not available for viewing. Contact the Research and Study Center for further information.
852  4    $a CLU-FT $b ftcoms $j M34228 $q Incomplete.
866   0   $a 1 reel of 5 (r5) (ca. 1000 ft.) : opt sd., EC (col.), low-fade ; 35 mm. safety print. $z CONDITION: Incomplete. $z AVAILABILITY: Archival copy. Not available for viewing. Contact the Research and Study Center for further information. $z PRESERVATION: Early version of restoration (stage 1?). $z REPRODUCTION: Reproduced by the UCLA Film, Television and Radio Archives from 16 mm. blow-up materials. $z Reproduction for preservation purposes permitted by NTA (Republic), 1985. $z ADDITIONAL PHYSICAL DESCRIPTION: r5AB.
935       $a FA0113147
901       $a MP $b Motion Picture Collection
903       $a 1 reel of 5 (r5) (ca. 1000 ft.) : $b opt sd., EC (col.), low-fade ; $c 35 mm. safety print.
905       $b uuuuuu $c 0990 $d 001 $e 001 $f N
910       $a Rev. July 20, 2000, my. $c 004
916       $a A1-282B-26.
989       $a JTX $b 870115
998       $a AVAILABILITY: Archival copy. Not available for viewing. Contact the Research and Study Center for further information. $d PRESERVATION: Early version of restoration (stage 1?). $q CONDITION: Incomplete. $r REPRODUCTION: Reproduced by the UCLA Film, Television and Radio Archives from 16 mm. blow-up materials. $s Reproduction for preservation purposes permitted by NTA (Republic), 1985.
009  01956nv  a22002653i 4500
001  10647
003  CLU-FT
004  6597
005  20000720104127.0
007  vf|ccahrm
008  9907252f    8   1   bb   0990725
014  1    $a 04-AAA-6617
014  0    $9 05-AAB-0887
843       $b Los Angeles, Calif. : $c UCLA Film and Television Archive, $d 1985. $n Reproduced by the UCLA Film and Television Archive from 35 mm. safety print (M32244). Reproduction for preservation purposes permitted by NTA (Republic), 1985.
845       $a Archival copy. Not available for viewing. Contact the Research and Study Center for further information. Conservation copy. Missing from assigned location prior to SRLF move.
852  4    $a CLU-FT $b ftcoms $j M41545
866   0   $a 2 videocassettes of 2 : sd., col. ; 3/4 in. $z AVAILABILITY: Archival copy. Not available for viewing. Contact the Research and Study Center for further information. Conservation copy. Missing from assigned location prior to SRLF move. $z PRESERVATION: Earlier stage of preservation, possibly stage 2? $z NOTES: "Second best tape." $z REPRODUCTION: Reproduced by the UCLA Film and Television Archive from 35 mm. safety print (M32244). $z Reproduction for preservation purposes permitted by NTA (Republic), 1985.
935       $a FA0113147
901       $a MP $b Motion Picture Collection
903       $a 2 videocassettes of 2 : $b sd., col. ; $c 3/4 in.
905       $b 890607 $c 0990 $d 002 $f N
910       $a Rev. July 20, 2000, my. $c 005
916       $a MFS.
989       $a CHX $b 890607
998       $a AVAILABILITY: Conservation copy. Missing from assigned location prior to SRLF move.Archival copy. Not available for viewing. Contact the Research and Study Center for further information. $b NOTES: "Second best tape." $d PRESERVATION: Earlier stage of preservation, possibly stage 2? $r REPRODUCTION: Reproduced by the UCLA Film and Television Archive from 35 mm. safety print (M32244). $s Reproduction for preservation purposes permitted by NTA (Republic), 1985.
009  02400nv  a22002533i 4500
001  10648
003  CLU-FT
004  6597
005  20000720104154.0
007  vf|ccahrm
008  9907252f    8   1   bb   0990725
014  1    $a 04-AAA-6617
014  0    $9 05-AAB-0888
843       $b Los Angeles, Calif. : $c UCLA Film and Television Archive, $d 1993. $n Pic reproduced from 35 mm. safety print (M32244) and uninventoried 35 mm. nitrate print from Netherlands Film Museum; sd. reproduced from uninventoried 35 mm. mag trk master produced in 1993 by Archive Preservation unit; recorded at the Post Group, Feb. 9, 1993, by UCLA Film and Television Archive. Reproduction for preservation purposes permitted by NTA (Republic), 1985.
845       $a Archival copy. Not available for viewing. Contact the Research and Study Center for further information. Conservation copy.
852  4    $a CLU-FT $b ftcoms $j M53897
866   0   $a 2 videocassettes of 2 (87 min.) : sd., col. ; 3/4 in. $z AVAILABILITY: Archival copy. Not available for viewing. Contact the Research and Study Center for further information. Conservation copy. $z PRESERVATION: Stage 3 preservation. $z NOTES: "CS2918." "Select tape." $z REPRODUCTION: Pic reproduced from 35 mm. safety print (M32244) and uninventoried 35 mm. nitrate print from Netherlands Film Museum; sd. reproduced from uninventoried 35 mm. mag trk master produced in 1993 by Archive Preservation unit; recorded at the Post Group, Feb. 9, 1993, by UCLA Film and Television Archive. $z Reproduction for preservation purposes permitted by NTA (Republic), 1985.
935       $a FA0113147
901       $a MP $b Motion Picture Collection
903       $a 2 videocassettes of 2 (87 min.) : $b sd., col. ; $c 3/4 in.
905       $b 930430 $c 0990 $d 002 $f N
910       $a Rev. July 20, 2000, my. $c 006
989       $a CHX $b 930430
998       $a AVAILABILITY: Conservation copy.Archival copy. Not available for viewing. Contact the Research and Study Center for further information. $b NOTES: "CS2918." "Select tape." $d PRESERVATION: Stage 3 preservation. $r REPRODUCTION: Pic reproduced from 35 mm. safety print (M32244) and uninventoried 35 mm. nitrate print from Netherlands Film Museum; sd. reproduced from uninventoried 35 mm. mag trk master produced in 1993 by Archive Preservation unit; recorded at the Post Group, Feb. 9, 1993, by UCLA Film and Television Archive. $s Reproduction for preservation purposes permitted by NTA (Republic), 1985.
009  02429nv  a22002533i 4500
001  10649
003  CLU-FT
004  6597
005  20000720104223.0
007  vf|ccahrm
008  9907252f    8   1   bb   0990725
014  1    $a 04-AAA-6617
014  0    $9 05-AAB-0889
843       $b Los Angeles, Calif. : $c UCLA Film and Television Archive, $d 199-? $n Reproduced from 35 mm. safety print (M32244) and uninventoried 35 mm. nitrate print from Netherlands Film Museum; sd. reproduced from uninventoried 35 mm. mag trk master produced in 199-? by Archive preservation unit; recorded at the Post Group by UCLA Film and Television Archive. Reproduction for preservation purposes permitted by NTA (Republic), Feb. 1993.
845       $a Archival copy. Not available for viewing. Contact the Research and Study Center for further information. Conservation copy.
852  4    $a CLU-FT $b ftcoms $j M57718 $q Print source in excellent condition.
866   0   $a 2 videocassettes of 2 (85 min.) : sd., col. ; 3/4 in. $z CONDITION: Print source in excellent condition. $z AVAILABILITY: Archival copy. Not available for viewing. Contact the Research and Study Center for further information. Conservation copy. $z PRESERVATION: Stage 3 preservation? $z REPRODUCTION: Reproduced from 35 mm. safety print (M32244) and uninventoried 35 mm. nitrate print from Netherlands Film Museum; sd. reproduced from uninventoried 35 mm. mag trk master produced in 199? by Archive preservation unit; recorded at the Post Group by UCLA Film and Television Archive. $z Reproduction for preservation purposes permitted by NTA (Republic), Feb. 1993.
935       $a FA0113147
901       $a MP $b Motion Picture Collection
903       $a 2 videocassettes of 2 (85 min.) : $b sd., col. ; $c 3/4 in.
905       $b 930209 $c 0990 $d 002 $f N
910       $a Rev. July 20, 2000, my. $c 007
989       $a DMR $b 941011
998       $a AVAILABILITY: Conservation copy.Archival copy. Not available for viewing. Contact the Research and Study Center for further information. $d PRESERVATION: Stage 3 preservation? $q CONDITION: Print source in excellent condition. $r REPRODUCTION: Reproduced from 35 mm. safety print (M32244) and uninventoried 35 mm. nitrate print from Netherlands Film Museum; sd. reproduced from uninventoried 35 mm. mag trk master produced in 199? by Archive preservation unit; recorded at the Post Group by UCLA Film and Television Archive. $s Reproduction for preservation purposes permitted by NTA (Republic), Feb. 1993.
009  02221nv  a22002653i 4500
001  10650
003  CLU-FT
004  6597
005  20000720104258.0
007  vr|c ahpm
008  9907252f    8   1   bb   0990725
014  1    $a 04-AAA-6617
014  0    $9 05-AAB-0890
843       $b Los Angeles, Calif. : $c UCLA Film and Television Archive, $d 1988? $n Reproduced by UCLA Film and Television Archive at the Post Group from 35 mm. safety print (M34211) at stage 1 of preservation, before upgrading of last reel, 1988. Reproduction for preservation purposes permitted by NTA (Republic), 1985.
845       $a Archival copy. Not available for viewing. Contact the Research and Study Center for further information. Missing from assigned location prior to SRLF move.
852  4    $a CLU-FT $b ftpres $j XVE728 -729 M $q 1 min. overlap between r1 and r2.
866   0   $a 2 videoreels of 2 : sd., col. ; 1 in. $z CONDITION: 1 min. overlap between r1 and r2. $z AVAILABILITY: Archival copy. Not available for viewing. Contact the Research and Study Center for further information. Missing from assigned location prior to SRLF move. $z PRESERVATION: DV NVTC Ch3 (12/13/88). Has campus no. 5a,bo. $z REPRODUCTION: Reproduced by UCLA Film and Television Archive at the Post Group from 35 mm. safety print (M34211) at stage 1 of preservation, before upgrading of last reel, 1988. $z Reproduction for preservation purposes permitted by NTA (Republic), 1985. $z LOCATION: XVE728 -729 M.
935       $a FA0113147
901       $a MP $b Motion Picture Collection
903       $a 2 videoreels of 2 : $b sd., col. ; $c 1 in.
905       $b 930823 $c 0990 $d 002 $f N
910       $a Rev. July 20, 2000, my. $c 008
916       $a MFS.
989       $a EAX $b 930823
998       $a AVAILABILITY: Missing from assigned location prior to SRLF move.Archival copy. Not available for viewing. Contact the Research and Study Center for further information. $d PRESERVATION: DV NVTC Ch3 (12/13/88). Has campus no. 5a,bo. $q CONDITION: 1 min. overlap between r1 and r2. $r REPRODUCTION: Reproduced by UCLA Film and Television Archive at the Post Group from 35 mm. safety print (M34211) at stage 1 of preservation, before upgrading of last reel, 1988. $s Reproduction for preservation purposes permitted by NTA (Republic), 1985.
009  01427nv  a22002651i 4500
001  10651
003  CLU-FT
004  6597
005  20000720094253.0
007  mr|caaafm|artacac198602
008  9907252R    8   4   bb    990725
014  1    $a 04-AAA-6617
014  0    $9 05-AAB-0891
843       $a Reproduced by the UCLA Film and Television Archive from various sources. Reproduction for preservation purposes permitted by NTA (Republic), 1985.
845       $a Withdrawn, 1987.
852  4    $a CLU-FT $b ftcoms $j M32235
866   0   $a 5 reels of 5 (ca. 10000 ft.) : opt sd., EC (col.), low-fade ; 35 mm. safety print. $z AVAILABILITY: Withdrawn, 1987. $z NOTES: Second best print; preview print. $z REPRODUCTION: Reproduced by the UCLA Film and Television Archive from various sources. $z Reproduction for preservation purposes permitted by NTA (Republic), 1985. $z LOCATION: A1-468-3
935       $a FA0113147
901       $a MP $b Motion Picture Collection
903       $a 5 reels of 5 (ca. 10000 ft.) : $b opt sd., EC (col.), low-fade ; $c 35 mm. safety print.
905       $a NTRN M $b uuuuuu $c 0990 $d 005 $e 010 $f W
910       $c 009
916       $a A1-468-3
989       $a JTX $b 860219
998       $a AVAILABILITY: Withdrawn, 1987. $b NOTES: Holdings continue on ORION record no. 79019.Second best print; preview print. $r REPRODUCTION: Reproduced by the UCLA Film and Television Archive from various sources. $s Reproduction for preservation purposes permitted by NTA (Republic), 1985.
009  01823nv  a22002653i 4500
001  10652
003  CLU-FT
004  6597
005  20000720104731.0
007  mr|bab fn|aetknai198410
008  9907252f    8   2   bb   0990725
014  1    $a 04-AAA-6617
014  0    $9 05-AAB-0893
843       $b Los Angeles, Calif. : $c UCLA Film and Television Archive, $d 1985. $n Reproduced by the UCLA Film and Television Archive from various sources. Reproduction for preservation purposes permitted by NTA, 1985.
845       $a Archival copy. Not available for viewing. Contact the Research and Study Center for further information.
852  4    $a CLU-FT $b ftpres $j M28359 $q Incomplete.
866   0   $a 5 reels of 10 (r1-3, 6, 8) (ca. 5000 ft.) : yellow ; 35 mm. safety prsv pic masterpos. $z CONDITION: Incomplete. $z AVAILABILITY: Archival copy. Not available for viewing. Contact the Research and Study Center for further information. $z ADDITIONAL PHYSICAL DESCRIPTION: Untimed, intermediate stage. r1AB, 2A, 3B, 4B. $z REPRODUCTION: Reproduced by the UCLA Film and Television Archive from various sources. $z Reproduction for preservation purposes permitted by NTA, 1985. $z LOCATION: P1-13.
935       $a FA0079019
901       $a MP $b Motion Picture Collection
903       $a 5 reels of 10 (r1-3, 6, 8) (ca. 5000 ft.) : $b yellow ; $c 35 mm. safety prsv pic masterpos.
905       $b uuuuuu $c 0990 $d 005 $e 005 $f N
910       $a Rev. July 20, 2000, my. $c 001
916       $a P1-13.
989       $a JTX $b 841017
998       $a AVAILABILITY: Archival copy. Not available for viewing. Contact the Research and Study Center for further information. $q CONDITION: Incomplete. $r REPRODUCTION: Reproduced by the UCLA Film and Television Archive from various sources. $s Reproduction for preservation purposes permitted by NTA, 1985. $z ADDITIONAL PHYSICAL DESCRIPTION: Untimed, intermediate stage.
009  01788nx  a22002652i 4500
001  10653
003  CLU-FT
004  6597
005  20000720104732.0
007  mr|bab fn|aetinai198410
008  9907252f    8   2   bb   0990725
014  1    $a 04-AAA-6617
014  0    $9 05-AAB-0894
843       $b Los Angeles, Calif. : $c UCLA Film and Television Archive, $d 1985. $n Reproduced by the UCLA Film and Television Archive from various sources. Reproduction for preservation purposes permitted by NTA, 1985.
845       $a Archival copy. Not available for viewing. Contact the Research and Study Center for further information.
852  4    $a CLU-FT $b ftpres $j M28360 $q Incomplete.
866   0   $a 1 reel of 10 (r2) (ca. 1000 ft.) : cyan ; 35 mm. safety prsv pic masterpos. $z CONDITION: Incomplete. $z AVAILABILITY: Archival copy. Not available for viewing. Contact the Research and Study Center for further information. $z ADDITIONAL PHYSICAL DESCRIPTION: Untimed, intermediate stage. r1B. $z REPRODUCTION: Reproduced by the UCLA Film and Television Archive from various sources. $z Reproduction for preservation purposes permitted by NTA, 1985. $z LOCATION: P1-19.
935       $a FA0079019
901       $a MP $b Motion Picture Collection
903       $a 1 reel of 10 (r2) (ca. 1000 ft.) : $b cyan ; $c 35 mm. safety prsv pic masterpos.
905       $b uuuuuu $c 0990 $d 001 $e 001 $f N
910       $a Rev. July 20, 2000, my. $c 002
916       $a P1-19.
989       $a JTX $b 841017
998       $a AVAILABILITY: Archival copy. Not available for viewing. Contact the Research and Study Center for further information. $q CONDITION: Incomplete. $r REPRODUCTION: Reproduced by the UCLA Film and Television Archive from various sources. $s Reproduction for preservation purposes permitted by NTA, 1985. $z ADDITIONAL PHYSICAL DESCRIPTION: Untimed, intermediate stage.
009  01792nx  a22002652i 4500
001  10654
003  CLU-FT
004  6597
005  20000720104732.0
007  mr|bab fn|aetjnai198410
008  9907252f    8   2   bb   0990725
014  1    $a 04-AAA-6617
014  0    $9 05-AAB-0895
843       $b Los Angeles, Calif. : $c UCLA Film and Television Archive, $d 1985. $n Reproduced by the UCLA Film and Television Archive from various sources. Reproduction for preservation purposes permitted by NTA, 1985.
845       $a Archival copy. Not available for viewing. Contact the Research and Study Center for further information.
852  4    $a CLU-FT $b ftpres $j M28361 $q Incomplete.
866   0   $a 1 reel of 10 (r9) (ca. 1000 ft.) : magenta ; 35 mm. safety prsv pic masterpos. $z CONDITION: Incomplete. $z AVAILABILITY: Archival copy. Not available for viewing. Contact the Research and Study Center for further information. $z ADDITIONAL PHYSICAL DESCRIPTION: Untimed, intermediate stage. r5A. $z REPRODUCTION: Reproduced by the UCLA Film and Television Archive from various sources. $z Reproduction for preservation purposes permitted by NTA, 1985. $z LOCATION: P1-9.
935       $a FA0079019
901       $a MP $b Motion Picture Collection
903       $a 1 reel of 10 (r9) (ca. 1000 ft.) : $b magenta ; $c 35 mm. safety prsv pic masterpos.
905       $b uuuuuu $c 0990 $d 001 $e 001 $f N
910       $a Rev. July 20, 2000, my. $c 003
916       $a P1-9.
989       $a JTX $b 841017
998       $a AVAILABILITY: Archival copy. Not available for viewing. Contact the Research and Study Center for further information. $q CONDITION: Incomplete. $r REPRODUCTION: Reproduced by the UCLA Film and Television Archive from various sources. $s Reproduction for preservation purposes permitted by NTA, 1985. $z ADDITIONAL PHYSICAL DESCRIPTION: Untimed, intermediate stage.
009  01982nv  a22002533i 4500
001  10655
003  CLU-FT
004  6597
005  20000720104732.0
007  mr|naaafm|betnnai198504
008  9907252f    8   2   bb   0990725
014  1    $a 04-AAA-6617
014  0    $9 05-AAB-0896
843       $b Los Angeles, Calif. : $c UCLA Film and Television Archive, $d 1985. $n Reproduced by the UCLA Film and Television Archive from original sound trk neg cut to short version. Reproduction for preservation purposes permitted by NTA, 1985.
845       $a Archival copy. Not available for viewing. Contact the Research and Study Center for further information. Missing from assigned location prior to SRLF move.
852  4    $a CLU-FT $b ftpres $j M16779 $q Incomplete.
866   0   $a 3 reels of 5 : opt sd. ; 35 mm. safety prsv dbl edge trk masterpos. $z CONDITION: Incomplete. $z AVAILABILITY: Archival copy. Not available for viewing. Contact the Research and Study Center for further information. Missing from assigned location prior to SRLF move. $z PRESERVATION: Stage 2?. $z NOTES: r1=r4+6;r2=r5+8;r3=r7+9. $z REPRODUCTION: Reproduced by the UCLA Film and Television Archive from original sound trk neg cut to short version. $z Reproduction for preservation purposes permitted by NTA, 1985. $z LOCATION: XFE4335-4337 M.
935       $a FA0079019
901       $a MP $b Motion Picture Collection
903       $a 3 reels of 5 : $b opt sd. ; $c 35 mm. safety prsv dbl edge trk masterpos.
905       $b uuuuuu $c 0990 $d 003 $f N
910       $a Rev. July 20, 2000, my. $c 004
916       $a MFS. XFE4335-4337 M
998       $a AVAILABILITY: Missing from assigned location prior to SRLF move.Archival copy. Not available for viewing. Contact the Research and Study Center for further information. $b NOTES: r1=r4+6;r2=r5+8;r3=r7+9. $d PRESERVATION: Stage 2?. $q CONDITION: Incomplete. $r REPRODUCTION: Reproduced by the UCLA Film and Television Archive from original sound trk neg cut to short version. $s Reproduction for preservation purposes permitted by NTA, 1985.
009  1974nv  a22002533i 4500
001  10656
003  CLU-FT
004  6597
005  20000720104732.0
007  mr|n a dm|  tnnai198504
008  9907252f    8   2   bb   0990725
014  1    $a 04-AAA-6617
014  0    $9 05-AAB-0897
843       $b Los Angeles, Calif. : $c UCLA Film and Television Archive, $d 1985. $n Reproduced by the UCLA Film and Television Archive from separate 35 and 16 mm. trk elements (UCLA/NTA). Reproduction for preservation purposes permitted by NTA, 1985.
845       $a Archival copy. Not available for viewing. Contact the Research and Study Center for further information. Missing from assigned location prior to SRLF move.
852  4    $a CLU-FT $b ftcoms $j M16790 $q Incomplete.
866   0   $a 2 reels of 3 ; 16 mm. safety prsv trk. $z CONDITION: Incomplete. $z AVAILABILITY: Archival copy. Not available for viewing. Contact the Research and Study Center for further information. Missing from assigned location prior to SRLF move. $z ADDITIONAL PHYSICAL DESCRIPTION: Mixed, restored sd. trk. $z NOTES: r1=r1-4; r2=r5-9. $z REPRODUCTION: Reproduced by the UCLA Film and Television Archive from separate 35 and 16 mm. trk elements (UCLA/NTA). $z Reproduction for preservation purposes permitted by NTA, 1985. $z LOCATION: A6-68-2.
935       $a FA0079019
901       $a MP $b Motion Picture Collection
903       $a 2 reels of 3 ; $c 16 mm. safety prsv trk.
905       $b uuuuuu $c 0990 $d 005 $e 050 $f N
910       $a Rev. July 20, 2000, my. $c 005
916       $a MFS. A6-68-2
998       $a AVAILABILITY: Missing from assigned location prior to SRLF move.Archival copy. Not available for viewing. Contact the Research and Study Center for further information. $b NOTES: r1=r1-4;r2=r5-9. $q CONDITION: Incomplete. $r REPRODUCTION: Reproduced by the UCLA Film and Television Archive from separate 35 and 16 mm. trk elements (UCLA/NTA). $s Reproduction for preservation purposes permitted by NTA, 1985. $z ADDITIONAL PHYSICAL DESCRIPTION: Mixed, restored sd. trk.
009  01845nv  a22002533i 4500
001  10657
003  CLU-FT
004  6597
005  20000720104732.0
007  mr|n abdm|n tnnac
008  9907252f    8   2   bb   0990725
014  1    $a 04-AAA-6617
014  0    $9 05-AAB-0898
843       $b Los Angeles, Calif. : $c UCLA Film and Television Archive, $d 1985. $n Reproduced by the UCLA Film and Television Archive from various sources. Reproduction for preservation purposes permitted by NTA, 1985.
845       $a Archival copy. Not available for viewing. Contact the Research and Study Center for further information.
852  4    $a CLU-FT $b ftpres $j M16780
866   0   $a 9 reels of ? : sd., 24 fps, edge trk, 1-trk, mono. ; 16 mm. prsv mag trk. $z AVAILABILITY: Archival copy. Not available for viewing. Contact the Research and Study Center for further information. $z ADDITIONAL PHYSICAL DESCRIPTION: Raw trks; must be mixed. $z NOTES: Each can, 2 rolls, except r4=1 roll, r7=1 roll, r9=1 roll; 1=16 dub; 1=35 dub. $z REPRODUCTION: Reproduced by the UCLA Film and Television Archive from various sources. $z Reproduction for preservation purposes permitted by NTA, 1985. $z LOCATION: P1-26.
935       $a FA0079019
901       $a MP $b Motion Picture Collection
903       $a 9 reels of ? : $b sd., 24 fps, edge trk, 1-trk, mono. ; $c 16 mm. prsv mag trk.
905       $b uuuuuu $c 0990 $d 009 $f N
910       $a Rev. July 20, 2000, my. $c 006
916       $a P1-26.
998       $a AVAILABILITY: Archival copy. Not available for viewing. Contact the Research and Study Center for further information. $b NOTES: Each can, 2 rolls, except r4=1 roll, r7=1 roll, r9=1 roll; 1=16 dub; 1=35 dub. $r REPRODUCTION: Reproduced by the UCLA Film and Television Archive from various sources. $s Reproduction for preservation purposes permitted by NTA, 1985. $z ADDITIONAL PHYSICAL DESCRIPTION: Raw trks; must be mixed.
009  01591nv  a22002413n 4500
001  10658
003  CLU-FT
004  6597
005  20000720104732.0
007  st|omncmb|nn e
008  9907252f    8   1   bb   0990725
014  1    $a 04-AAA-6617
014  0    $9 05-AAB-0899
843       $b Los Angeles, Calif. : $c UCLA Film and Television Archive, $d 1985. $n Reproduced by UCLA Film and Television Archive from various sources.  Reproduction for preservation purposes permitted by NTA (Republic), 1985.
845       $a Archival copy. Not available for viewing. Contact the Research and Study Center for further information.
852  4    $a CLU-FT $b ftcoms $j M21349
866   0   $a 9 sound tape reels of 9 : analog, 7 1/2 ips, 2-trk., mono. ; 7 in. prsv mag trk master. $z AVAILABILITY: Archival copy. Not available for viewing. Contact the Research and Study Center for further information. $z NOTES: "Box 7." $z REPRODUCTION: Reproduced by UCLA Film and Television Archive from various sources. $z Reproduction for preservation purposes permitted by NTA (Republic), 1985.
935       $a FA0079019
901       $a MP $b Motion Picture Collection
903       $a 9 sound tape reels of 9 : $b analog, 7 1/2 ips, 2-trk., mono. ; $c 7 in. prsv mag trk master.
905       $b uuuuuu $c 0990 $d 009 $f N
910       $a Rev. July 20, 2000, my. $c 007
998       $a AVAILABILITY: Archival copy. Not available for viewing. Contact the Research and Study Center for further information. $b NOTES: "Box 7." $r REPRODUCTION: Reproduced by UCLA Film and Television Archive from various sources. $s Reproduction for preservation purposes permitted by NTA (Republic), 1985.
009  01818nv  a22002533i 4500
001  10659
003  CLU-FT
004  6597
005  20000720104732.0
007  st|pmnzmb|nn e
008  9907252f    8   1   bb   0990725
014  1    $a 04-AAA-6617
014  0    $9 05-AAB-0900
843       $b Los Angeles, Calif. : $c UCLA Film and Television Archive, $d 1993. $n Reproduced by UCLA Film and Television Archive from Dutch-subtitled 35 mm. nitrate print (M53415). Reproduction for preservation purposes permitted by , Dec. 1993.
845       $a Archival copy. Not available for viewing. Contact the Research and Study Center for further information.
852  4    $a CLU-FT $b ftpres $j XAG304 -306 M
866   0   $a 3 sound tape reels of 3 : analog, 15 ips, 2-trk, mono. ; 10 1/2 in. prsv mag trk master. $z AVAILABILITY: Archival copy. Not available for viewing. Contact the Research and Study Center for further information. $z ADDITIONAL PHYSICAL DESCRIPTION: 2500 ft. reel. $z REPRODUCTION: Reproduced by UCLA Film and Television Archive from Dutch-subtitled 35 mm. nitrate print (M53415). $z Reproduction for preservation purposes permitted by , Dec. 1993. $z LOCATION: XAG304 -306 M.
935       $a FA0079019
901       $a MP $b Motion Picture Collection
903       $a 3 sound tape reels of 3 : $b analog, 15 ips, 2-trk, mono. ; $c 10 1/2 in. prsv mag trk master.
905       $b 931227 $c 0990 $d 003 $f N
910       $a Rev. July 20, 2000, my. $c 008
989       $a RCX $b 931227
998       $a AVAILABILITY: Archival copy. Not available for viewing. Contact the Research and Study Center for further information. $r REPRODUCTION: Reproduced by UCLA Film and Television Archive from Dutch-subtitled 35 mm. nitrate print (M53415). $s Reproduction for preservation purposes permitted by , Dec. 1993. $z ADDITIONAL PHYSICAL DESCRIPTION: 2500 ft. reel.
009  01896nv  a22002533i 4500
001  10660
003  CLU-FT
004  6597
005  20000720104732.0
007  st|pmnzmb|nn e
008  9907252f    8   2   bb   0990725
014  1    $a 04-AAA-6617
014  0    $9 05-AAB-0901
843       $b Los Angeles, Calif. : $c UCLA Film and Television Archive, $d 1993. $n Reproduced by UCLA Film and Television Archive from 35 mm. nitrate trk neg (M26965). Reproduction for preservation purposes permitted by NTA (Republic), Dec. 1993.
845       $a Archival copy. Not available for viewing. Contact the Research and Study Center for further information.
852  4    $a CLU-FT $b ftpres $j XAG307 -308 M $q Print source was incomplete.
866   0   $a 2 sound tape reels of 2 : analog, 15 ips, 2-trk., mono. ; 10 1/2 in. prsv mag trk master. $z CONDITION: Print source was incomplete. $z AVAILABILITY: Archival copy. Not available for viewing. Contact the Research and Study Center for further information. $z ADDITIONAL PHYSICAL DESCRIPTION: 1200 ft. reel. $z REPRODUCTION: Reproduced by UCLA Film and Television Archive from 35 mm. nitrate trk neg (M26965). $z Reproduction for preservation purposes permitted by NTA (Republic), Dec. 1993. $z LOCATION: XAG307 -308 M.
935       $a FA0079019
901       $a MP $b Motion Picture Collection
903       $a 2 sound tape reels of 2 : $b analog, 15 ips, 2-trk., mono. ; $c 10 1/2 in. prsv mag trk master.
905       $b 931227 $c 0990 $d 002 $f N
910       $a Rev. July 20, 2000, my. $c 009
989       $a RCX $b 931227
998       $a AVAILABILITY: Archival copy. Not available for viewing. Contact the Research and Study Center for further information. $q CONDITION: Print source was incomplete. $r REPRODUCTION: Reproduced by UCLA Film and Television Archive from 35 mm. nitrate trk neg (M26965). $s Reproduction for preservation purposes permitted by NTA (Republic), Dec. 1993. $z ADDITIONAL PHYSICAL DESCRIPTION: 1200 ft. reel.
009  01124nv  a22002413i 4500
001  10661
003  CLU-FT
004  6597
005  20030101100013.0
007  mr|cabafn|boih ni
008  9907252d    8   2   bb   0990725
014  1    $a 04-AAA-6617
014  0    $9 05-AAB-0902
845       $a Archival copy. Not available for viewing. Contact the Research and Study Center for further information.
852  4    $a CLU-FT $b ftnitr $j M34279 $q Incomplete.
866   0   $a 2 reels of ? (r2,9) (ca. 2000 ft.) : blue ; 35 mm. nitrate pic neg. $z CONDITION: Incomplete. $z AVAILABILITY: Archival copy. Not available for viewing. Contact the Research and Study Center for further information. $z LOCATION: F104-R10-16.
935       $a FA0079019
901       $a MP $b Motion Picture Collection
903       $a 2 reels of ? (r2,9) (ca. 2000 ft.) : $b blue ; $c 35 mm. nitrate pic neg.
905       $b uuuuuu $c 0606 $d 002 $e 002 $f N
910       $a Rev. July 20, 2000, my. Rev. January 1, 2003, jj. $c 010
916       $a F104-R10-16.
998       $a AVAILABILITY: Archival copy. Not available for viewing. Contact the Research and Study Center for further information. $q CONDITION: Incomplete.
009  01152nx  a22002532i 4500
001  10662
003  CLU-FT
004  6597
005  20030102143320.0
007  mr|cabafn|boii ai198712
008  9907252u    8   2   bb   0990725
014  1    $a 04-AAA-6617
014  0    $9 05-AAB-0903
845       $a Archival copy. Not available for viewing. Contact the Research and Study Center for further information.
852  4    $a CLU-FT $b ftnitr $j M53959 $q Incomplete.
866   0   $a 1 reel of ? (r8) (ca. 1000 ft.) : cyan ; 35 mm. nitrate pic neg. $z CONDITION: Incomplete. $z AVAILABILITY: Archival copy. Not available for viewing. Contact the Research and Study Center for further information. $z LOCATION: F104-L12-13.
935       $a FA0079019
901       $a MP $b Motion Picture Collection
903       $a 1 reel of ? (r8) (ca. 1000 ft.) : $b cyan ; $c 35 mm. nitrate pic neg.
905       $b uuuuuu $c 0998 $d 001 $e 001 $f N
910       $a Rev. July 20, 2000, my; rev. January 2, 2003, jj. $c 011
916       $a F104-L12-13.
989       $a BBX $b 871221
998       $a AVAILABILITY: Archival copy. Not available for viewing. Contact the Research and Study Center for further information. $q CONDITION: Incomplete.
009  01158nx  a22002532i 4500
001  10663
003  CLU-FT
004  6597
005  20030102143419.0
007  mr|cabafn|boij ai198712
008  9907252u    8   2   bb   0990725
014  1    $a 04-AAA-6617
014  0    $9 05-AAB-0904
845       $a Archival copy. Not available for viewing. Contact the Research and Study Center for further information.
852  4    $a CLU-FT $b ftnitr $j M53960 $q Incomplete.
866   0   $a 1 reel of ? (r2) (ca. 1000 ft.) : magenta ; 35 mm. nitrate pic neg. $z CONDITION: Incomplete. $z AVAILABILITY: Archival copy. Not available for viewing. Contact the Research and Study Center for further information. $z LOCATION: F104-L12-14.
935       $a FA0079019
901       $a MP $b Motion Picture Collection
903       $a 1 reel of ? (r2) (ca. 1000 ft.) : $b magenta ; $c 35 mm. nitrate pic neg.
905       $b uuuuuu $c 0998 $d 001 $e 001 $f N
910       $a Rev. July 20, 2000, my; rev. January 2, 2003, jj. $c 012
916       $a F104-L12-14.
989       $a BBX $b 871221
998       $a AVAILABILITY: Archival copy. Not available for viewing. Contact the Research and Study Center for further information. $q CONDITION: Incomplete.
009  01135nv  a22002533i 4500
001  10664
003  CLU-FT
004  6597
005  20000720104524.0
007  mr|naaafm|bdinnni198311
008  9907252d    8   2   bb   0990725
014  1    $a 04-AAA-6617
014  0    $9 05-AAB-0905
845       $a Archival copy. Not available for viewing. Contact the Research and Study Center for further information.
852  4    $a CLU-FT $b ftnitr $j M26965 $q Incomplete.
866   0   $a 6 reels of 9 (r4-9) (ca. 6000 ft.) : opt sd. ; 35 mm. nitrate trk neg. $z CONDITION: Incomplete. $z AVAILABILITY: Archival copy. Not available for viewing. Contact the Research and Study Center for further information. $z LOCATION: F109-R30-2.
935       $a FA0079019
901       $a MP $b Motion Picture Collection
903       $a 6 reels of 9 (r4-9) (ca. 6000 ft.) : $b opt sd. ; $c 35 mm. nitrate trk neg.
905       $b uuuuuu $c 0730 $d 006 $e 006 $f N
910       $a Rev. July 20, 2000, my. $c 013
916       $a F109-R30-2
989       $a BBX $b 831109
998       $a AVAILABILITY: Archival copy. Not available for viewing. Contact the Research and Study Center for further information. $q CONDITION: Incomplete.
009  01147nv  a22002413i 4500
001  10665
003  CLU-FT
004  6597
005  20030102102110.0
007  mr|cabafn|aeig ni
008  9907252d    8   2   bb   0990725
014  1    $a 04-AAA-6617
014  0    $9 05-AAB-0906
845       $a Archival copy. Not available for viewing. Contact the Research and Study Center for further information.
852  4    $a CLU-FT $b ftnitr $j M34281 $q Incomplete.
866   0   $a 6 reels of ? (r1,3-4,6-8) (ca. 6000 ft.) : red ; 35 mm. nitrate pic masterpos. $z CONDITION: Incomplete. $z AVAILABILITY: Archival copy. Not available for viewing. Contact the Research and Study Center for further information. $z LOCATION: F104-R10-20.
935       $a FA0079019
901       $a MP $b Motion Picture Collection
903       $a 6 reels of ? (r1,3-4,6-8) (ca. 6000 ft.) : $b red ; $c 35 mm. nitrate pic masterpos.
905       $b uuuuuu $c 0606 $d 006 $e 006 $f N
910       $a Rev. July 20, 2000, my. $a Rev. January 2, 2003, jj. $c 014
916       $a F104-R10-20.
998       $a AVAILABILITY: Archival copy. Not available for viewing. Contact the Research and Study Center for further information. $q CONDITION: Incomplete.
009  01150nv  a22002413i 4500
001  10666
003  CLU-FT
004  6597
005  20030102102835.0
007  mr|cabafn|aeih ni
008  9907252d    8   2   bb   0990725
014  1    $a 04-AAA-6617
014  0    $9 05-AAB-0907
845       $a Archival copy. Not available for viewing. Contact the Research and Study Center for further information.
852  4    $a CLU-FT $b ftnitr $j M34282 $q Incomplete.
866   0   $a 8 reels of ? (r1-7,9) (ca. 8000 ft.) : blue ; 35 mm. nitrate pic masterpos. $z CONDITION: Incomplete. $z AVAILABILITY: Archival copy. Not available for viewing. Contact the Research and Study Center for further information. $z LOCATION: LOCATION: F104-R13-24.
935       $a FA0079019
901       $a MP $b Motion Picture Collection
903       $a 8 reels of ? (r1-7,9) (ca. 8000 ft.) : $b blue ; $c 35 mm. nitrate pic masterpos.
905       $b uuuuuu $c 0606 $d 008 $e 008 $f N
910       $a Rev. July 20, 2000, my. Rev. January 2, 2003, jj. $c 015
916       $a F104-R13-24.
998       $a AVAILABILITY: Archival copy. Not available for viewing. Contact the Research and Study Center for further information. $q CONDITION: Incomplete.
009  01150nv  a22002413i 4500
001  10667
003  CLU-FT
004  6597
005  20030102102940.0
007  mr|cabafn|aeik ni
008  9907252d    8   2   bb   0990725
014  1    $a 04-AAA-6617
014  0    $9 05-AAB-0908
845       $a Archival copy. Not available for viewing. Contact the Research and Study Center for further information.
852  4    $a CLU-FT $b ftnitr $j M34283 $q Incomplete.
866   0   $a 2 reels of ? (r5,7) (ca. 2000 ft.) : yellow ; 35 mm. nitrate pic masterpos. $z CONDITION: Incomplete. $z AVAILABILITY: Archival copy. Not available for viewing. Contact the Research and Study Center for further information. $z LOCATION: LOCATION: F104-R10-26.
935       $a FA0079019
901       $a MP $b Motion Picture Collection
903       $a 2 reels of ? (r5,7) (ca. 2000 ft.) : $b yellow ; $c 35 mm. nitrate pic masterpos.
905       $b uuuuuu $c 0606 $d 002 $e 002 $f N
910       $a Rev. July 20, 2000, my. Rev. January 2, 2003, jj. $c 016
916       $a F104-R10-26.
998       $a AVAILABILITY: Archival copy. Not available for viewing. Contact the Research and Study Center for further information. $q CONDITION: Incomplete.
009  01290nv  a22002413i 4500
001  10668
003  CLU-FT
004  6597
005  20030102102006.0
007  mr|cabafn|  ik ni
008  9907252d    8   2   bb   0990725
014  1    $a 04-AAA-6617
014  0    $9 05-AAB-0909
845       $a Archival copy. Not available for viewing. Contact the Research and Study Center for further information.
852  4    $a CLU-FT $b ftnitr $j M34280 $q Incomplete.
866   0   $a 2 reels of ? (r2,5) (ca. 2000 ft.) : yellow ; 35 mm. nitrate preprint. $z CONDITION: Incomplete. $z AVAILABILITY: Archival copy. Not available for viewing. Contact the Research and Study Center for further information. $z PRESERVATION: Used in early stage of restoration; not printing materials. $z LOCATION: LOCATION: F104-R10-18.
935       $a FA0079019
901       $a MP $b Motion Picture Collection
903       $a 2 reels of ? (r2,5) (ca. 2000 ft.) : $b yellow ; $c 35 mm. nitrate preprint.
905       $b uuuuuu $c 0606 $d 002 $e 002 $f N
910       $a Rev. July 20, 2000, my. Rev. January 2, 2003, jj. $c 017
916       $a F104-R10-18.
998       $a AVAILABILITY: Archival copy. Not available for viewing. Contact the Research and Study Center for further information. $d PRESERVATION: Used in early stage of restoration; not printing materials. $q CONDITION: Incomplete.
009  01680nx  a22002532i 4500
001  10669
003  CLU-FT
004  6597
005  20000720104524.0
007  st|omncmb|nn e
008  9907252f    8   2   bb   0990725
014  1    $a 04-AAA-6617
014  0    $9 05-AAB-0910
843       $b Los Angeles, Calif. : $c UCLA Film and Television Archive, $d 1985. $n Reproduced by UCLA Film and Television Archive from ?. Reproduction for preservation purposes permitted by NTA (Republic), 1985.
845       $a Archival copy. Not available for viewing. Contact the Research and Study Center for further information.
852  4    $a CLU-FT $b ftnitr $j XAF399 M
866   0   $a 1 sound tape reel of ? : analog, 7 1/2 ips, 2-trk., mono. ; 7 in.? prsv mag trk master. $z PART/ELEMENT: Intro music. $z AVAILABILITY: Archival copy. Not available for viewing. Contact the Research and Study Center for further information. $z REPRODUCTION: Reproduced by UCLA Film and Television Archive from ?. $z Reproduction for preservation purposes permitted by NTA (Republic), 1985. $z LOCATION: XAF399 M.
935       $a FA0079019
901       $a MP $b Motion Picture Collection
903       $a 1 sound tape reel of ? : $b analog, 7 1/2 ips, 2-trk., mono. ; $c 7 in.? prsv mag trk master.
905       $c 0990 $d 009 $f N
910       $a Rev. July 20, 2000, my. $c 018
989       $a ECX $b 890223
998       $a AVAILABILITY: Archival copy. Not available for viewing. Contact the Research and Study Center for further information. $c PART/ELEMENT: Intro music. $r REPRODUCTION: Reproduced by UCLA Film and Television Archive from . $s Reproduction for preservation purposes permitted by NTA (Republic), 1985.
009  01363nv  a22002413i 4500
001  241238
003  CLU-FT
004  6597
005  20001212133733.0
007  mr|naabfm|n|tnnac199810
008  0011032f    8   1   bb   099____
014  1    $a 04-AAA-6617
014  0    $9 05-AAY-8648
843       $b Los Angeles, Calif. : $c UCLA Film and Television Archive, $d 1998. $n Reproduced from prsv sound tape reels (XAG304 -308 M). Reproduction for preservation purposes permitted by NTA (Republic), 1985.
845       $a Archival copy. Not available for viewing. Contact the Research and Study Center for further information.
852  4    $a CLU-FT $b ftpres $j M67642
866   0   $a 9 reels of 9 (ca. 9000 ft.) ; 35 mm. safety prsv re-recorded mag trk. $z AVAILABILITY: Archival copy. Not available for viewing. Contact the Research and Study Center for further information. $z REPRODUCTION: Reproduced by the UCLA Film and Television Archive from prsv sound tape reels (XAG304 -308 M). Reproduction for preservation purposes permitted by NTA (Republic), 1985. $z PRESERVATION: Final prsv mag. $z LOCATION: PRES. VAULT.
901       $a MP $b Motion Picture Collection
903       $a 9 reels of  9 (ca. 9000 ft.) ; $c 35 mm. safety prsv re-recorded mag trk.
905       $b uuuuuu $c 0990 $d 009 $e 009 $f N
910       $a Input Nov. 3, 2000, al; rev. December 12, 2000, my.
916       $a PRES. VAULT.
989       $a MSX $b 981014

Record 18
