LDR  01076nam a22003735  4500
001  8
003  CLU-ETH
008                 us                  eng  
028  02   $a 308A $b Indian Records, Inc.
035       $9 01-AAA-0007
100       $a Arden, Dale
245  00   $a The history of the planet Mongo
260       $a Mingo City, Mongo : $b Astral Publishing $c 19--?
500       $a UCLA EMA: DROP 852s FROM BIB SEGMENT
500       $a TEST REC 18 *****
600   0   $a Merciless, Ming the
600   0   $a Gordon, Flash.
650   0   $a Clay People
935       $a ET4266430
852  0    $a MH $b Harvard Depository $z 852 from BIB segment: don't output
935       $a ET777
852  0    $a MH-R $z Another852 from BIB segment: don't output
009  00344nx  a22001571n 4500
001  7
003  CLU-ETH
004  8
007  s
008  9809070u    0   4   uueng 980907
014  1    $a 01-AAA-0007
014  0    $9 02-AAA-0006
852  0    $a CLU-ETH $b etdiss $j Box 9 in secret passage $x In process $z Two secret words required to open.
935       $a ET4266430
905       $c SB 9
920       $a ARC 172 vol. 1-2

Record 19
