LDR  01505nas a2200529   4500
001  199966
003  CLU
005  20040807153920.0
008  750824c19619999ne mrzp       0   a0eng d
010       $a 80000094
022  0    $a 0014-3138
035       $a (OCoLC)01568475
035       $9 07-AOS-3114
042       $a lc $a nsdp
043       $a e------
049       $a CLUL
245  00   $a Dragon collectors' magazine.
260       $a [Amsterdam, $b IBFD
300       $a v. $c 35 cm.
310       $a Monthly $b <, May 1973->
321       $a Biweekly, $b Jan. 1961-
362  0    $a v. 1-   Jan. 15th, 1961-
500       $a UCLA: RECORD CONTAINS SHARED PRINT JSTOR LOCATION "srucl2". OUTPUT 793 NOTE WITH SUBFLD a = "UCL Shared Print" AND SUBFLD p = "JSTOR serials" (05/05).
500       $a TEST REC 19 *****
650   0   $a Dragons $x Collectors and collecting $v Periodicals.
935       $a TC0024008 $b TC0024183 $c ABZ-1300
910       $a bes 20000810
936       $a Unknown $a May 1973 (surrogate)
009  00980ny  a22001813i 4500
001  5536429
003  CLU
004  199966
005  18881114152902.0
008  9907254p    8   0   au    990725
014  1    $a 07-AOS-3114
014  0    $9 08-AWW-7748
852  0    $a CLU $b srucl2 $h NK5173 $i .A46
866       $a B1-42(1961-2002)U43N1-10(2003)
935       $a TC0024008 $b TC0024183
009  00181nx  a22000974  4500
001  6832879
003  CLU
004  199966
005  18880213150819.0
008  0402130p    8   1001uu   0000000
852  0    $a CLU $b ar*
866       $a v.44- (2004-)

